<record xmlns="http://www.loc.gov/MARC21/slim" xmlns:xsi="http://www.w3.org/2001/XMLSchema-instance" xsi:schemaLocation="http://www.loc.gov/MARC21/slim http://www.loc.gov/standards/marcxml/schema/MARC21slim.xsd"><leader>     nam a22        4500</leader><controlfield tag="001">002052251</controlfield><controlfield tag="003">NNU</controlfield><controlfield tag="006">m        d        </controlfield><controlfield tag="007">cr cn |||m|||a</controlfield><controlfield tag="008">150313s1984    ir      o     000 0 araod</controlfield><datafield ind1=" " ind2=" " tag="040"><subfield code="a">NNU</subfield><subfield code="b">eng</subfield><subfield code="c">NNU</subfield></datafield><datafield ind1="1" ind2=" " tag="100"><subfield code="a">N&#257;&#7779;&#299;f, Man&#7779;&#363;r &#699;Al&#299;.</subfield></datafield><datafield ind1="1" ind2="3" tag="245"><subfield code="a">al-T&#257;j al-j&#257;mi&#699; lil-u&#7779;&#363;l f&#299; a&#7717;&#257;d&#299;th al-Ras&#363;l</subfield><subfield code="h">[electronic resource] /</subfield><subfield code="c">ta&#700;l&#299;f Man&#7779;&#363;r &#699;Al&#299; N&#257;&#7779;if ; wa-&#699;alayhi Gh&#257;yat al-ma&#700;m&#363;l shar&#7717; al-T&#257;j al-j&#257;mi&#699; lil-u&#7779;&#363;l.</subfield></datafield><datafield ind1=" " ind2=" " tag="250"><subfield code="a">al-&#7788;ab&#699;ah 4.</subfield></datafield><datafield ind1=" " ind2=" " tag="260"><subfield code="a">[Tehran?] :</subfield><subfield code="b">N&#363;r Mu&#7717;ammad &#256;kh&#363;nd B&#257;zy&#257;r,</subfield><subfield code="c">1984.</subfield></datafield><datafield ind1=" " ind2=" " tag="300"><subfield code="a">online resource (5 v.)</subfield></datafield><datafield ind1=" " ind2=" " tag="500"><subfield code="a">Reprint. Originally published: Cairo :D&#257;r I&#7717;y&#257;&#700; al-Kutub al-&#699;Arab&#299;yah, 1932.</subfield></datafield><datafield ind1=" " ind2=" " tag="500"><subfield code="a">Part of the Arabic Collections Online (ACO) project, contributed by New York Univeristy Libraries.</subfield></datafield><datafield ind1=" " ind2=" " tag="533"><subfield code="a">Electronic reproduction.</subfield><subfield code="b">New York, N.Y. :</subfield><subfield code="c">New York University,</subfield><subfield code="d">2015.</subfield><subfield code="5">NNU</subfield></datafield><datafield ind1=" " ind2="0" tag="650"><subfield code="a">Hadith.</subfield></datafield><datafield ind1="0" ind2="0" tag="600"><subfield code="a">Mu&#7717;ammad,</subfield><subfield code="c">Prophet,</subfield><subfield code="d">d. 632.</subfield></datafield><datafield ind1="1" ind2=" " tag="700"><subfield code="a">N&#257;&#7779;&#299;f, Man&#7779;&#363;r &#699;Al&#299;</subfield><subfield code="t">Gh&#257;yat al-ma&#700;m&#363;l.</subfield></datafield><datafield ind1="2" ind2=" " tag="710"><subfield code="a">New York University.</subfield><subfield code="b">Libraries.</subfield></datafield><datafield ind1="0" ind2=" " tag="730"><subfield code="a">Arabic Collections Online.</subfield></datafield><datafield ind1="0" ind2="8" tag="776"><subfield code="i">Print version:</subfield><subfield code="a">N&#257;&#7779;&#299;f, Man&#7779;&#363;r &#699;Al&#299;.</subfield><subfield code="t">al-T&#257;j al-j&#257;mi&#699; lil-u&#7779;&#363;l f&#299; a&#7717;&#257;d&#299;th al-Ras&#363;l</subfield><subfield code="w">(NNU)002052251</subfield></datafield><datafield ind1="4" ind2="0" tag="856"><subfield code="u">http://hdl.handle.net/2333.1/0rxwdf24</subfield></datafield><datafield ind1=" " ind2=" " tag="959"><subfield code="a">NNU</subfield><subfield code="b">WEB</subfield><subfield code="c">GENI</subfield><subfield code="t">0</subfield><subfield code="m">Electronic access</subfield><subfield code="s">01</subfield></datafield><datafield ind1=" " ind2=" " tag="999"><subfield code="i">NNU_002052251</subfield><subfield code="s">nyu_aco000473:v.1</subfield><subfield code="s">nyu_aco000474:v.2</subfield><subfield code="s">nyu_aco000475:v.3</subfield><subfield code="s">nyu_aco000476:v.4</subfield><subfield code="s">nyu_aco000477:v.5</subfield><subfield code="e">(ERROR-880)</subfield></datafield></record>